@article{wordcloud,
author={cran.r-project.org}
title={wordcloud: Word Clouds}
publisher={https://CRAN.R-project.org/package=tidytext}
year={2017}

}
@article{R-dplyr,
author={cran.r-project.org}
title={R-dplyr}
publisher={https://cran.r-project.org/web/packages/dplyr/vignettes/dplyr.html}
year={2017}

}
@article{R-tidytext,
author={cran.r-project.org}
title={R-tidytext}
publisher={https://CRAN.R-project.org/package=wordcloud}
year={2017}

}
@article{R-stringr,
author={cran.r-project.org}
title={R-stringr}
publisher={https://CRAN.R-project.org/package=stringr}
year={2017}

}